<collection xmlns="http://www.loc.gov/MARC21/slim">
<record>
  <leader>03456nam0a2200505 i 450 </leader>
  <controlfield tag="001">IT\ICCU\CNCE\046641</controlfield>
  <controlfield tag="005">20110224000000.0</controlfield>
  <datafield tag="012" ind1=" " ind2=" ">
    <subfield code="a">ami- ute, t,a- seVt (3) 1569 (R)</subfield>
    <subfield code="2">fei</subfield>
  </datafield>
  <datafield tag="100" ind1=" " ind2=" ">
    <subfield code="a">19990204d1569        0itac0103    ba</subfield>
  </datafield>
  <datafield tag="101" ind1=" " ind2=" ">
    <subfield code="a">LAT</subfield>
  </datafield>
  <datafield tag="102" ind1=" " ind2=" ">
    <subfield code="a">IT</subfield>
  </datafield>
  <datafield tag="200" ind1="1" ind2=" ">
    <subfield code="a">Partitiones catechismi catholici, eius nimirum, qui ex decreto Conc. Trid. Pii V. pont. max iussu ad parrochos primum editus: nunc vero, facilioris cognitionis gratia, in luculentam hanc epitomen, et commodas aliquot tabulas, sic digestus atque distributus est, vt omni hominum et aetati et conditioni magnopere vsui esse possit: per d. Georgium Ederum Frising. i. c. ac s. caesareae maiestatis consiliarium &amp; c</subfield>
  </datafield>
  <datafield tag="210" ind1=" " ind2=" ">
    <subfield code="a">Brixiae</subfield>
    <subfield code="c">apud Thomam Bozolam</subfield>
    <subfield code="d">1569</subfield>
    <subfield code="e">Brixiae</subfield>
    <subfield code="g">apud Vincentium Sabiensem</subfield>
    <subfield code="g">ad instantiam Thomae Bozolae</subfield>
    <subfield code="h">1569</subfield>
  </datafield>
  <datafield tag="215" ind1=" " ind2=" ">
    <subfield code="a">\24!, 309, \3! p.</subfield>
    <subfield code="d">8ʻ</subfield>
  </datafield>
  <datafield tag="300" ind1=" " ind2=" ">
    <subfield code="a">Var. B: Brixiae : apud Thomam Bozolam, 1569 (Brixiae : apud Vincentium Sabiensem : ad instantiam Thomae Bozolae, 1570)</subfield>
  </datafield>
  <datafield tag="620" ind1=" " ind2=" ">
    <subfield code="a">IT</subfield>
    <subfield code="d">Brescia</subfield>
  </datafield>
  <datafield tag="700" ind1=" " ind2="1">
    <subfield code="a">Eder,</subfield>
    <subfield code="b">Georg</subfield>
    <subfield code="3">IT\ICCU\CNCA\005048</subfield>
  </datafield>
  <datafield tag="712" ind1="0" ind2="0">
    <subfield code="a">Bozzola, Tommaso</subfield>
    <subfield code="3">IT\ICCU\CNCT\000344</subfield>
    <subfield code="4">650</subfield>
  </datafield>
  <datafield tag="712" ind1="0" ind2="0">
    <subfield code="a">Sabbio, Vincenzo</subfield>
    <subfield code="3">IT\ICCU\CNCT\000044</subfield>
    <subfield code="4">650</subfield>
  </datafield>
  <datafield tag="790" ind1=" " ind2="1">
    <subfield code="a">Ederus,</subfield>
    <subfield code="b">Georgius</subfield>
    <subfield code="3">IT\ICCU\CNCA\022482</subfield>
    <subfield code="z">Eder, Georg</subfield>
  </datafield>
  <datafield tag="791" ind1="0" ind2="0">
    <subfield code="a">Bozola, Thomas</subfield>
    <subfield code="3">IT\ICCU\CNCT\003651</subfield>
    <subfield code="z">Bozzola, Tommaso</subfield>
  </datafield>
  <datafield tag="791" ind1="0" ind2="0">
    <subfield code="a">Sabiensis, Vincentius</subfield>
    <subfield code="3">IT\ICCU\CNCT\002587</subfield>
    <subfield code="z">Sabbio, Vincenzo</subfield>
  </datafield>
  <datafield tag="791" ind1="0" ind2="0">
    <subfield code="a">Sabius, Vincentius</subfield>
    <subfield code="3">IT\ICCU\CNCT\005508</subfield>
    <subfield code="z">Sabbio, Vincenzo</subfield>
  </datafield>
  <datafield tag="791" ind1="0" ind2="0">
    <subfield code="a">Sabbius, Vincentius</subfield>
    <subfield code="3">IT\ICCU\CNCT\005511</subfield>
    <subfield code="z">Sabbio, Vincenzo</subfield>
  </datafield>
  <datafield tag="791" ind1="0" ind2="0">
    <subfield code="a">Da Sabbio, Vincenzo</subfield>
    <subfield code="3">IT\ICCU\CNCT\005515</subfield>
    <subfield code="z">Sabbio, Vincenzo</subfield>
  </datafield>
  <datafield tag="801" ind1=" " ind2="3">
    <subfield code="a">IT</subfield>
    <subfield code="b">ICCU</subfield>
    <subfield code="c">20201115</subfield>
  </datafield>
  <datafield tag="899" ind1=" " ind2=" ">
    <subfield code="a">Biblioteca del Seminario vescovile. Casale Monferrato</subfield>
    <subfield code="1">AL0024</subfield>
    <subfield code="2">TO0 L2</subfield>
  </datafield>
  <datafield tag="899" ind1=" " ind2=" ">
    <subfield code="a">Biblioteca civica A. Mai. Bergamo</subfield>
    <subfield code="1">BG0026</subfield>
    <subfield code="2">LO1 02</subfield>
  </datafield>
  <datafield tag="899" ind1=" " ind2=" ">
    <subfield code="a">Biblioteca del Clero di S. Alessandro in Colonna (depositata presso Bibl. mons. G.M. Radini Tedeschi). Bergamo</subfield>
    <subfield code="1">BG0043</subfield>
    <subfield code="2">LO1 56</subfield>
  </datafield>
  <datafield tag="899" ind1=" " ind2=" ">
    <subfield code="a">Biblioteca universitaria. Bologna</subfield>
    <subfield code="1">BO0098</subfield>
    <subfield code="2">UBO BU</subfield>
  </datafield>
  <datafield tag="899" ind1=" " ind2=" ">
    <subfield code="a">Biblioteca comunale dell&apos;Archiginnasio. Bologna</subfield>
    <subfield code="z">(Var.B)</subfield>
    <subfield code="1">BO0304</subfield>
    <subfield code="2">UBO GA</subfield>
  </datafield>
  <datafield tag="899" ind1=" " ind2=" ">
    <subfield code="a">Biblioteca della Fondazione Ugo da Como. Lonato</subfield>
    <subfield code="z">(Var.B)</subfield>
    <subfield code="1">BS0092</subfield>
    <subfield code="2">LO1 18</subfield>
  </datafield>
  <datafield tag="899" ind1=" " ind2=" ">
    <subfield code="a">Biblioteca della Parrocchia di S. Andrea apostolo. Malegno</subfield>
    <subfield code="z">MUTILO</subfield>
    <subfield code="1">BS0383</subfield>
    <subfield code="2">ZBS 51</subfield>
  </datafield>
  <datafield tag="899" ind1=" " ind2=" ">
    <subfield code="a">Biblioteca del Seminario vescovile Santa Maria della Pace. Cremona</subfield>
    <subfield code="1">CR0061</subfield>
    <subfield code="2">PBE 48</subfield>
  </datafield>
  <datafield tag="899" ind1=" " ind2=" ">
    <subfield code="a">Biblioteca Ambrosiana. Milano</subfield>
    <subfield code="z">(Var.B)</subfield>
    <subfield code="1">MI0133</subfield>
    <subfield code="2">VBA 01</subfield>
  </datafield>
  <datafield tag="899" ind1=" " ind2=" ">
    <subfield code="a">Biblioteca nazionale Braidense. Milano</subfield>
    <subfield code="z">(Var.A)</subfield>
    <subfield code="1">MI0185</subfield>
    <subfield code="2">MIL NB</subfield>
  </datafield>
  <datafield tag="899" ind1=" " ind2=" ">
    <subfield code="a">Biblioteca comunale Augusta. Perugia</subfield>
    <subfield code="z">(Var.B)</subfield>
    <subfield code="1">PG0109</subfield>
    <subfield code="2">UM1 01</subfield>
  </datafield>
  <datafield tag="899" ind1=" " ind2=" ">
    <subfield code="a">Biblioteca del Santuario della Ghiara. Reggio Emilia</subfield>
    <subfield code="1">RE0102</subfield>
    <subfield code="2">ZRE 12</subfield>
  </datafield>
  <datafield tag="899" ind1=" " ind2=" ">
    <subfield code="a">Biblioteca universitaria Alessandrina. Roma</subfield>
    <subfield code="1">RM0280</subfield>
    <subfield code="2">RML 01</subfield>
  </datafield>
  <datafield tag="899" ind1=" " ind2=" ">
    <subfield code="a">Biblioteca statale del Monumento nazionale S. Scolastica. Subiaco</subfield>
    <subfield code="z">(Var.B)</subfield>
    <subfield code="1">RM0602</subfield>
    <subfield code="2">BVE SU</subfield>
  </datafield>
  <datafield tag="899" ind1=" " ind2=" ">
    <subfield code="a">Biblioteca del Centro teologico. Torino</subfield>
    <subfield code="1">TO0249</subfield>
    <subfield code="2">TO0 48</subfield>
  </datafield>
  <datafield tag="911" ind1=" " ind2=" ">
    <subfield code="a">sul front.;  nel coloph in cornice ovale figurata</subfield>
    <subfield code="9">IT\ICCU\CNCM\001130</subfield>
  </datafield>
  <datafield tag="911" ind1=" " ind2=" ">
    <subfield code="a">nel coloph.</subfield>
    <subfield code="9">IT\ICCU\CNCM\000169</subfield>
  </datafield>
  <datafield tag="921" ind1=" " ind2=" ">
    <subfield code="a">IT\ICCU\CNCM\001130</subfield>
    <subfield code="b">Grifone che regge con l&apos;artiglio una pietra alla quale  ̈incatenato un globo alato.</subfield>
    <subfield code="c">U161</subfield>
    <subfield code="d">Dimensioni: 3 x 4,5</subfield>
    <subfield code="f">GRIFONE</subfield>
    <subfield code="f">GLOBO</subfield>
    <subfield code="g">1564-1599</subfield>
  </datafield>
  <datafield tag="921" ind1=" " ind2=" ">
    <subfield code="a">IT\ICCU\CNCM\000169</subfield>
    <subfield code="b">Grifone che regge con l&apos;artiglio una pietra alla quale  ̈incatenato un globo alato. In cornice figurata</subfield>
    <subfield code="c">V23</subfield>
    <subfield code="c">Z704</subfield>
    <subfield code="d">Dimensioni: 7,5 x 10,5.</subfield>
    <subfield code="f">PIETRA</subfield>
    <subfield code="f">GRIFONE</subfield>
    <subfield code="f">MONDO</subfield>
    <subfield code="g">1564-1599</subfield>
  </datafield>
</record>
</collection>
